@Book{ braitenberg1986,
	title = "Vehicles: experiments in synthetic psychology",
	author = "Valentino Braitenberg",
	month = "Feb",
	year = "1986"
}

@Article{ ran2005obsavothrbraaggbehmotfus,
	title = "Obstacle avoidance through Braitenberg' aggression behavior and motor fusion",
	author = "I{\~n}aki Ra{\~n}{\'o} and Tim Smithers",
	journal = "Proceedings of the 2nd European Conference on Mobile Robots.",
	pages = "98--103",
	year = "2005"
}

@Article{ quigley:ROSopensourceRobotOperatingSystem,
	title = "ROS: an open-source Robot Operating System",
	author = "Morgan Quigley and Brian Gerkey and Ken Conley and Josh Faust and others",
	journal = "Open-source software workshop of the Int. Conf. on Robotics and Automation",
	year = "2009"
}

@Electronic{ :LinearizingSharpRangerData,
	title = "Linearizing Sharp Ranger Data",
	month = "October",
	year = "2006",
	url = "http://www.acroname.com/robotics/info/articles/irlinear/irlinear.html"
}

@Electronic{ :SharpGPYAY,
	title = "Sharp GP2Y0A21YK/GP2Y0D21YK ",
	url = "http://www.drrobot.com/products/item_downloads/GP2Y0A21YK_1.pdf"
}

@Manual{ :XSVPQuickStartGuide,
	title = "X80SVP Quick Start Guide"
}

@Manual{ :BeaglSysteReferManua,
	title = "BeagleBoard-xM System Reference Manual",
	url = "http://beagleboard.org/static/BBxMSRM_latest.pdf"
}

@Article{ r:robustlayeredcontrolsystemmobilerobot,
	title = "A robust layered control system for a mobile robot",
	author = "Brooks R.",
	journal = "IEEE Journal
of Robotics and Automation",
	pages = "14--23",
	volume = "RA-2",
	number = "1",
	year = "1986"
}

